<?xml version="1.0" encoding="UTF-8"?><collection><record><leader>09683ntm a2200757 a 4500</leader><controlfield tag="001">006766377</controlfield><controlfield tag="003">MiAaHDL</controlfield><controlfield tag="005">20190719000000.0</controlfield><controlfield tag="006">m        d        </controlfield><controlfield tag="007">cr bn ---auaua</controlfield><controlfield tag="008">090429s17uu    xx            00| ||ara d</controlfield><datafield tag="035" ind1=" " ind2=" "><subfield code="a">(MiU)006766377</subfield></datafield><datafield tag="035" ind1=" " ind2=" "><subfield code="a">sdr-miu006766377</subfield></datafield><datafield tag="040" ind1=" " ind2=" "><subfield code="a">MiU</subfield><subfield code="c">MiU</subfield><subfield code="e">amremm</subfield></datafield><datafield tag="043" ind1=" " ind2=" "><subfield code="a">n-us-mi</subfield></datafield><datafield tag="100" ind1="1" ind2=" "><subfield code="6">880-01</subfield><subfield code="a">Chillī, ʻUmar ibn Aḥmad al-Māʼī,</subfield><subfield code="d">fl. 17th cent.</subfield></datafield><datafield tag="245" ind1="1" ind2="0"><subfield code="6">880-02</subfield><subfield code="a">[Ḥāshiyat al-Chillī ʻalá al-Ḥāshiyah al-Fatḥīyah fī al-ādāb... etc.,</subfield><subfield code="f">18th century?].</subfield></datafield><datafield tag="246" ind1="3" ind2=" "><subfield code="i">Edge title (tail):</subfield><subfield code="a">كتاب چلي وحاشية عبد الرحمن الكردي</subfield></datafield><datafield tag="246" ind1="3" ind2=" "><subfield code="i">Edge title (head):</subfield><subfield code="a">حاشية مير لابن چلي</subfield></datafield><datafield tag="260" ind1=" " ind2=" "><subfield code="c">[17--?].</subfield></datafield><datafield tag="300" ind1=" " ind2=" "><subfield code="a">106 leaves :</subfield><subfield code="b">paper ;</subfield><subfield code="c">202 x 123 (159 x 63) mm. bound to 202 x 125 mm.</subfield></datafield><datafield tag="500" ind1=" " ind2=" "><subfield code="a">Shelfmark: Ann Arbor, University of Michigan, Special Collections Library, Isl. Ms. 115</subfield></datafield><datafield tag="500" ind1=" " ind2=" "><subfield code="a">Origin: Lacks dated scribal colophon ; paper and date in what appears to be authorial colophon on p.137 (1090, i.e. 1679 or 1680) suggest early 18th century.</subfield></datafield><datafield tag="500" ind1=" " ind2=" "><subfield code="a">Accompanying materials: Slip with notes (paginated pp.117-118).</subfield></datafield><datafield tag="500" ind1=" " ind2=" "><subfield code="a">Former shelfmark: British Museum, London "No. 8. Glosses (Hashiyah) on Al-Iji's work on dialectics."</subfield></datafield><datafield tag="500" ind1=" " ind2=" "><subfield code="a">Binding: Pasteboards covered in black leather ; Type II binding (with flap) ; board linings in marbled paper (in shades of salmon, blue, and yellow) with hinges in a different marbled paper ; upper and lower covers bear large blind-stamped scalloped mandorla with gold-painted accents, filled with floral vegetal composition (compare Déroche class. OAi 8) and accompanied by border in tooled and gold-painted fillets ; design continues with rosette and border on envelope flap ; sewn in pink thread, two stations ; worked endbands in white and pink, good condition ; overall in poor condition with paper label applied over upper cover design, some abrasion, staining, lifting and losses of leather (at board corners and fore-edge flap in particular), fore-edge flap completely detached from lower cover, etc. ; housed in box for protection.</subfield></datafield><datafield tag="500" ind1=" " ind2=" "><subfield code="a">Support: European laid paper of perhaps two types ; mainly with 11 laid lines per cm. (vertical) and chain lines spaced 28 mm. apart (horizontal) ; thick and well-burnished ; crown with star and crescent above watermark (compare Heawood 1133) and countermark with initials and trefoil above ; some staining.</subfield></datafield><datafield tag="500" ind1=" " ind2=" "><subfield code="a">Decoration: Keywords (such as قوله), section headings, and some notabilia rubricated ; a few textual dividers in the form of red discs.</subfield></datafield><datafield tag="500" ind1=" " ind2=" "><subfield code="a">Script: Naskh, two main hands ; opening work in naskh, a fine, clear and compact Ottoman hand ; virtually serifless ; effect of tilt to the left ; many open counters ; kāf mashkūlah (masqūqah) preferred ; freely ligatured with pointing for many final letters assimilated with the letters themselves (see final nūn, fāʼ, etc.) ; remaining works in a naskh showing more influence of nastaʻlīq ; virtually serifless with slight effect of words descending to baseline ; extension of horizontal strokes.</subfield></datafield><datafield tag="500" ind1=" " ind2=" "><subfield code="a">Layout: Written in 25 lines per page ; frame-ruled.</subfield></datafield><datafield tag="500" ind1=" " ind2=" "><subfield code="a">Collation: ii, 6 V(60), IV (68), 3 V(98), IV (106) ; chiefly quinions ; catchwords present ; pagination in pencil, Western numerals, supplied during digitization (includes front flyleaves and insert, mistakenly skips two pages between pp.103-104 and repeats pp.117-118 twice).</subfield></datafield><datafield tag="500" ind1=" " ind2=" "><subfield code="a">Colophon: [Ḥāshiyat al-Chillī ] "Authorial," rectangular, reads: "تمت الحاشية الواقعة على مير ابي الفتح المنسوبة الى ابن مائى المشهور بچلى زاده في بلدة قسطنطنية في مدرسة ابراهيم پاشا في شهر رمضان المبارك سنة ۱۰۹۰"</subfield></datafield><datafield tag="500" ind1=" " ind2=" "><subfield code="a">Explicit: "فصار الكل مضاعفا وهو اثنان وثلثون الوفا وستمائة واربعون احتمالا تمت رسالة حمدية تم تم تم"</subfield></datafield><datafield tag="500" ind1=" " ind2=" "><subfield code="a">Incipit: [Ḥāshiyat al-Chillī] "يا من وفقنا لاداب البحث والمناظرة في الكلام وعصمنا من الخلل والتصور في تجريد [كذا] المدعى والمرام ... وبعد فيقول الفقير الى الله الغني عمر بن احمد الشهير بالچلي ان الحاشية الفتحية في الاداب لما كانت لدقتها متوارية عن الاذهاب ولتحجيبها عن العثور مفتقرة الى الايضاح والبيان ... فضمت اليه ما يتمم به النقصان ..." ; [Ḥāshiyat ʻAbd al-Raḥmān al-Kurdī] "نحمدك يا من فتح الابواب للمتفرع السائل ... وبعد فهذه حاشية لطيفة يليق ان تكتب باقلام الذهب على صحائف الفضة للفاضل المرحوم عبد الرحمن ... على الحواشي المنسوبة الى المحقق ابي الفتح الامير ... على شرح الرسالة العضدية للشيخ محمد الحنفي ... فكانت غير مدونة فجمعتها للاخوان الطلاب بعون الله الوهاب ..."</subfield></datafield><datafield tag="500" ind1=" " ind2=" "><subfield code="a">Title supplied by cataloguer.</subfield></datafield><datafield tag="500" ind1=" " ind2=" "><subfield code="a">Ms. codex.</subfield></datafield><datafield tag="505" ind1="0" ind2=" "><subfield code="a">6. p.213-p.214 : [blank].</subfield></datafield><datafield tag="505" ind1="0" ind2=" "><subfield code="a">5. p.209-p.212 : Risālah ḥamdīyah / Minkarizade Yahya Efendi.</subfield></datafield><datafield tag="505" ind1="0" ind2=" "><subfield code="a">4. p.205-p.209 : Risālat Shāh Ḥusayn lil-Risālah al-Ḥanafīyah / ʻAbd al-Laṭīf Shāh Ḥusayn ʻAjamī [?].</subfield></datafield><datafield tag="505" ind1="0" ind2=" "><subfield code="a">3. p.140-p.205 : [Ḥāshiyat ʻAbd al-Raḥmān al-Kurdī ʻalá al-Ḥāshiyah al-Fatḥīyah fī al-ādāb] / ʻAbd al-Raḥmān al-Kurdī.</subfield></datafield><datafield tag="505" ind1="0" ind2=" "><subfield code="a">2. p.138-p.139 : [blank].</subfield></datafield><datafield tag="505" ind1="0" ind2=" "><subfield code="a">1. p.6-p.137 : [Ḥāshiyat al-Chillī ʻalá al-Ḥāshiyah al-Fatḥīyah fī al-ādāb] / ʻUmar ibn Aḥmad al-Māʼī al-Chillī.</subfield></datafield><datafield tag="510" ind1="4" ind2=" "><subfield code="6">880-03</subfield><subfield code="a">Ghulāmī Muqaddam, BarātʻAlī. Fihrist-i kutub-i khaṭṭi-i Kitābʻkhānah-i Markazī-i Āstān-i Quds-i Raz̤avī : jild-i bīst va chahārum, manṭiq. Mashhad, 1383 [2004 or 5].</subfield><subfield code="c">(pp.155-156)</subfield></datafield><datafield tag="510" ind1="4" ind2=" "><subfield code="a">Brockelmann, C. GAL,</subfield><subfield code="c">II, 208 (II) ; SII, 287</subfield></datafield><datafield tag="520" ind1="8" ind2=" "><subfield code="a">Fine copy of the superglosses by ʻUmar ibn Aḥmad al-Chillī (fl. 17th cent.) and ʻAbd al-Raḥmān al-Kurdī on al-Ḥāshiyah al-Fatḥīyah by Abū al-Fatḥ Muḥammad ibn Amīn al-Ardabīlī (d.1543), itself a gloss upon al-Risālah al-Ḥanafīyah by Muḥammad al-Tibrīzī al-Ḥanafī (d.1494), a commentary on al-Ījī’s (d.1355) Risālat ādāb al-baḥth wa-al-munāẓarah, a work on dialectics. Followed by two brief treatises, Risālat Shāh Ḥusayn lil-Risālah al-Ḥanafīyah, perhaps another gloss on al-Tibrīzī al-Ḥanafī's commentary by ʻAbd al-Laṭīf Shāh Ḥusayn ʻAjamī (d.1514 or 5) [?] and Risālah ḥamdīyah attributed to Minkarizade Yahya Efendi.</subfield></datafield><datafield tag="538" ind1=" " ind2=" "><subfield code="a">Mode of access: Internet.</subfield></datafield><datafield tag="541" ind1=" " ind2=" "><subfield code="c">Purchase ;</subfield><subfield code="a">Acquired by purchase along with Abdul Hamid Collection (funds donated by Horace Rackham).</subfield><subfield code="d">1924.</subfield></datafield><datafield tag="546" ind1=" " ind2=" "><subfield code="a">Arabic.</subfield></datafield><datafield tag="561" ind1=" " ind2=" "><subfield code="a">Bookplate of British Museum, London on upper cover, "British Museum, London. No. 8. Glosses (Hashiyah) on Al-Iji's work on dialectics." ; circular seal impression with figure of goat/gazelle in purple ink as well as inscription "375" in Western numerals on front flyleaf (p.1) ; waqf statement on 'title page' (p.5) in name of al-Sayyid al-Ḥājj ʻAbd Allāh, muftī in Erzincan reads "حاشية مير لابن چلي وقف السيد الحاج عبد الله المفتى بكتبخانه معموره بارزنجان" ; glosses and marginal corrections.</subfield></datafield><datafield tag="600" ind1="1" ind2="0"><subfield code="a">Ardabīlī, Abū al-Fatḥ Muḥammad ibn Amīn,</subfield><subfield code="d">d. 1543.</subfield><subfield code="t">Ḥāshiyah al-Fatḥīyah fī al-ādāb.</subfield></datafield><datafield tag="650" ind1=" " ind2="0"><subfield code="a">Manuscripts, Arabic</subfield><subfield code="z">Michigan</subfield><subfield code="z">Ann Arbor.</subfield></datafield><datafield tag="650" ind1=" " ind2="0"><subfield code="a">Dialectic</subfield><subfield code="v">Early works to 1800.</subfield></datafield><datafield tag="700" ind1="0" ind2="2"><subfield code="6">880-08</subfield><subfield code="a">Minkarizade Yahya Efendi,</subfield><subfield code="d">1609 or 1610-1678.</subfield><subfield code="t">Risālah ḥamdīyah.</subfield></datafield><datafield tag="700" ind1="1" ind2="2"><subfield code="6">880-07</subfield><subfield code="a">ʻAbd al-Laṭīf Shāh Ḥusayn al-ʻAjamī,</subfield><subfield code="d">d. d.1514 or 5.</subfield><subfield code="t">Risālat Shāh Ḥusayn lil-Risālah al-Ḥanafīyah.</subfield></datafield><datafield tag="700" ind1="0" ind2="2"><subfield code="6">880-06</subfield><subfield code="a">ʻAbd al-Raḥmān al-Kurdī.</subfield><subfield code="t">Ḥāshiyat ʻAbd al-Raḥmān al-Kurdī ʻalá al-Ḥāshiyah al-Fatḥīyah fī al-ādāb</subfield></datafield><datafield tag="700" ind1="1" ind2=" "><subfield code="6">880-05</subfield><subfield code="a">Ījī, ʻAḍud al-Dīn ʻAbd al-Raḥmān ibn Aḥmad,</subfield><subfield code="d">-1355?</subfield><subfield code="t">Risālat ādāb al-baḥth wa-al-munāẓarah.</subfield></datafield><datafield tag="700" ind1="0" ind2=" "><subfield code="6">880-04</subfield><subfield code="a">Muḥammad al-Tibrīzī al-Ḥanafī,</subfield><subfield code="d">d. 1494.</subfield><subfield code="t">Risālah al-Ḥanafīyah.</subfield></datafield><datafield tag="740" ind1="0" ind2="2"><subfield code="a">Risālat Shāh Ḥusayn lil-Risālah al-Ḥanafīyah.</subfield></datafield><datafield tag="773" ind1="0" ind2=" "><subfield code="a">Tiflis Collection.</subfield></datafield><datafield tag="880" ind1="1" ind2="2"><subfield code="6">700-08/</subfield><subfield code="a">منقارى زاده يحيى افندى.</subfield><subfield code="t">رسالة حمدية.</subfield></datafield><datafield tag="880" ind1="1" ind2="2"><subfield code="6">700-07/</subfield><subfield code="a">عبد اللطيف شاه حسين عجمى.</subfield><subfield code="t">رسالة شاه حسين للرسالة الحنفية.</subfield></datafield><datafield tag="880" ind1="0" ind2="2"><subfield code="6">700-06/</subfield><subfield code="a">عبد الرحمن الكردي.</subfield><subfield code="t">حاشية عبد الرحمن الكردي على الحاشية الفتحية في الآداب.</subfield></datafield><datafield tag="880" ind1="1" ind2=" "><subfield code="6">700-05/</subfield><subfield code="a">ايجي، عضد الدين عبد الرحمن بن احمد.</subfield><subfield code="t">رسالة آداب البحث والمناظرة.</subfield></datafield><datafield tag="880" ind1="0" ind2=" "><subfield code="6">700-04/</subfield><subfield code="a">محمد التبريزي الحنفي.</subfield><subfield code="t">رسالة الحنفية.</subfield></datafield><datafield tag="880" ind1="4" ind2=" "><subfield code="6">510-03/</subfield><subfield code="a">غلامى مقدم، براتعلى. فهرست كتب خطى كتابخانه مركزى آسات قدسى رضوى : جلد بيست و چهارم، منطق. مشهد، ۱۳۸۳.</subfield></datafield><datafield tag="880" ind1="1" ind2="0"><subfield code="6">245-02/</subfield><subfield code="a">[حاشية الچلي على الحاشية الفتحية في الآداب ... الخ,</subfield><subfield code="f">القرن 18م؟].</subfield></datafield><datafield tag="880" ind1="1" ind2=" "><subfield code="6">100-01/</subfield><subfield code="a">چلي, عمر بن أحمد المائي.</subfield></datafield><datafield tag="CID" ind1=" " ind2=" "><subfield code="a">006766377</subfield></datafield><datafield tag="DAT" ind1="0" ind2=" "><subfield code="a">20190719102634.0</subfield><subfield code="b">20190719000000.0</subfield></datafield><datafield tag="DAT" ind1="1" ind2=" "><subfield code="a">20190719090653.0</subfield><subfield code="b">2019-07-19T16:11:02Z</subfield></datafield><datafield tag="DAT" ind1="2" ind2=" "><subfield code="a">2015-10-10T18:00:06Z</subfield></datafield><datafield tag="CAT" ind1=" " ind2=" "><subfield code="a">SDR-MIU</subfield><subfield code="d">EX LIBRIS - ALEPH</subfield><subfield code="l">prepare.pl-004-008</subfield></datafield><datafield tag="FMT" ind1=" " ind2=" "><subfield code="a">BK</subfield></datafield><datafield tag="HOL" ind1=" " ind2=" "><subfield code="0">sdr-miu006766377</subfield><subfield code="a">MiU</subfield><subfield code="b">SDR</subfield><subfield code="c">MIU</subfield><subfield code="p">mdp.39015079125426</subfield><subfield code="s">MIU</subfield><subfield code="1">006766377</subfield></datafield><datafield tag="974" ind1=" " ind2=" "><subfield code="b">MIU</subfield><subfield code="c">MIU</subfield><subfield code="d">20190719</subfield><subfield code="s">lit-dlps-dc</subfield><subfield code="u">mdp.39015079125426</subfield><subfield code="y">1799</subfield><subfield code="r">pd</subfield><subfield code="q">bib</subfield><subfield code="t">non-US bib date1 &lt; 1879</subfield></datafield></record></collection>